<?xml version="1.0" encoding="UTF-8"?><record xmlns="http://www.loc.gov/MARC21/slim" xmlns:cinclude="http://apache.org/cocoon/include/1.0" xmlns:zs="http://www.loc.gov/zing/srw/">
  <leader>00399nz  a2200133n  4500</leader>
  <controlfield tag="001">no2006026523</controlfield>
  <controlfield tag="003">DLC</controlfield>
  <controlfield tag="005">20060316051852.0</controlfield>
  <controlfield tag="008">060315n| acannaabn          |n aaa     c</controlfield>
  <datafield tag="010" ind1=" " ind2=" ">
    <subfield code="a">no2006026523</subfield>
  </datafield>
  <datafield tag="035" ind1=" " ind2=" ">
    <subfield code="a">(OCoLC)oca06881273</subfield>
  </datafield>
  <datafield tag="040" ind1=" " ind2=" ">
    <subfield code="a">NIC</subfield>
    <subfield code="b">eng</subfield>
    <subfield code="c">NIC</subfield>
  </datafield>
  <datafield tag="100" ind1="0" ind2=" ">
    <subfield code="a">Miranda,</subfield>
    <subfield code="d">1980?-</subfield>
  </datafield>
  <datafield tag="670" ind1=" " ind2=" ">
    <subfield code="a">Sihir cinta, 2005:</subfield>
    <subfield code="b">t.p. (Miranda) p. 4 of cover (b. in Palembang 25 years ago; first novel: Dara manisku)</subfield>
  </datafield>
</record>